<?xml version="1.0" encoding="UTF-8"?>
<record xmlns="http://www.loc.gov/MARC21/slim">
   <leader>01610cam a2200349 a 4500</leader>
   <controlfield tag="001">1083682</controlfield>
   <controlfield tag="003">NjP</controlfield>
   <controlfield tag="005">20190705143240.0</controlfield>
   <controlfield tag="008">960913s1982    ir            000 0 ara d</controlfield>
   <datafield tag="024" ind1="7" ind2=" ">
      <subfield code="a">princeton_aco004054</subfield>
      <subfield code="2">local</subfield>
   </datafield>
   <datafield ind1=" " ind2=" " tag="040">
      <subfield code="a">NjP</subfield>
      <subfield code="c">PUL</subfield>
      <subfield code="d">PUL</subfield>
   </datafield>
   <datafield ind1=" " ind2=" " tag="035">
      <subfield code="a">(CStRLIN)NJPG96-B51675</subfield>
   </datafield>
   <datafield ind1=" " ind2=" " tag="035">
      <subfield code="9">CCG4503TS</subfield>
   </datafield>
   <datafield ind1=" " ind2=" " tag="035">
      <subfield code="a">(NjP)1083682</subfield>
   </datafield>
   <datafield ind1=" " ind2=" " tag="049">
      <subfield code="a">PULL</subfield>
   </datafield>
   <datafield ind1=" " ind2=" " tag="035">
      <subfield code="a">(OCoLC)ocm35680372</subfield>
   </datafield>
   <datafield ind1="1" ind2=" " tag="100">
      <subfield code="6">880-01</subfield>
      <subfield code="a">Sharīf al-Rāḍī, Muḥammad ibn al-Ḥusayn,</subfield>
      <subfield code="d">969 or 70-1016.</subfield>
   </datafield>
   <datafield ind1="1" ind2="0" tag="245">
      <subfield code="6">880-02</subfield>
      <subfield code="a">Nahj al-balāghah =</subfield>
      <subfield code="b">Nahjul balagha of Hazrat Ali /</subfield>
      <subfield code="c">rattabahā Sayyid al-Radī ; taqdīm, Ḥassan al-Saʻīd.</subfield>
   </datafield>
   <datafield ind1="1" ind2="1" tag="246">
      <subfield code="6">880-03</subfield>
      <subfield code="a">Nahjul balagha of Hazrat Ali</subfield>
   </datafield>
   <datafield ind1=" " ind2=" " tag="260">
      <subfield code="6">880-04</subfield>
      <subfield code="a">[Tehran] :</subfield>
      <subfield code="b">Madrasah-i Chihil Sutīn,</subfield>
      <subfield code="c">1402 [1982]</subfield>
   </datafield>
   <datafield ind1=" " ind2=" " tag="300">
      <subfield code="a">323 p. ;</subfield>
      <subfield code="c">24 cm.</subfield>
   </datafield>
   <datafield ind1="0" ind2="0" tag="600">
      <subfield code="6">880-05</subfield>
      <subfield code="a">ʻAlī ibn Abī Ṭālib,</subfield>
      <subfield code="c">Caliph,</subfield>
      <subfield code="d">600 (ca.)-661</subfield>
      <subfield code="x">Hadith.</subfield>
   </datafield>
   <datafield ind1=" " ind2="0" tag="650">
      <subfield code="a">Hadith (Shiites)</subfield>
      <subfield code="x">Early works to 1800.</subfield>
      <subfield code="0">http://id.loc.gov/authorities/subjects/sh2008121359</subfield>
   </datafield>
   <datafield ind1="1" ind2=" " tag="880">
      <subfield code="6">100-01/r</subfield>
      <subfield code="a">شريف الراضي، محمد بن الحسين،</subfield>
      <subfield code="d">969 or 70-1016.</subfield>
   </datafield>
   <datafield ind1="1" ind2="0" tag="880">
      <subfield code="6">245-02/r</subfield>
      <subfield code="a">نهج البلاغة =</subfield>
      <subfield code="b">نهجل بلغ ف هزرة على /</subfield>
      <subfield code="c">رتبها سيد الرضي ؛ تقديم، حسن السعيد.</subfield>
   </datafield>
   <datafield ind1="1" ind2="1" tag="880">
      <subfield code="6">246-03/r</subfield>
      <subfield code="a">نهجل بلغ ف هزرة على</subfield>
   </datafield>
   <datafield ind1=" " ind2=" " tag="880">
      <subfield code="6">260-04/r</subfield>
      <subfield code="a">[طهران] :</subfield>
      <subfield code="b">مدرسها چهل ستين،</subfield>
      <subfield code="c">1402 [1982]</subfield>
   </datafield>
   <datafield ind1="0" ind2="0" tag="880">
      <subfield code="6">600-05/r</subfield>
      <subfield code="a">علي بن ابي طالب، خليفة،</subfield>
      <subfield code="d">600 (.)661</subfield>
      <subfield code="x">هدث.</subfield>
   </datafield>
   <datafield ind1=" " ind2=" " tag="998">
      <subfield code="a">09/16/96</subfield>
      <subfield code="s">9114</subfield>
      <subfield code="n">NjP</subfield>
      <subfield code="w">NJPG96B51675</subfield>
      <subfield code="d">09/13/96</subfield>
      <subfield code="c">KC</subfield>
      <subfield code="b">KC</subfield>
      <subfield code="i">960916</subfield>
      <subfield code="l">NJPG</subfield>
   </datafield>
   <datafield ind1=" " ind2=" " tag="911">
      <subfield code="a">19960926</subfield>
   </datafield>
   <datafield ind1=" " ind2=" " tag="912">
      <subfield code="a">19960916000000.0</subfield>
   </datafield>
   <datafield ind1=" " ind2=" " tag="994">
      <subfield code="a">C0</subfield>
      <subfield code="b">PUL</subfield>
   </datafield>
   <datafield ind1=" " ind2=" " tag="999">
      <subfield code="a">1083682</subfield>
   </datafield>
   <datafield ind1=" " ind2=" " tag="979">
      <subfield code="a">(OCoLC)ocn176613423</subfield>
   </datafield>
   <datafield ind1="0" ind2="0" tag="852">
      <subfield code="0">1246508</subfield>
      <subfield code="b">rcppa</subfield>
      <subfield code="t">1</subfield>
      <subfield code="h">BP193.1.A2</subfield>
      <subfield code="i">S537 1982</subfield>
      <subfield code="x">tr fr nec</subfield>
   </datafield>
   <datafield ind1=" " ind2=" " tag="959">
      <subfield code="a">2000-06-13 00:00:00 -0400</subfield>
   </datafield>
</record>
